%YAML 1.1
%TAG !u! tag:unity3d.com,2011:
--- !u!1 &527318675036034165
GameObject:
  m_ObjectHideFlags: 0
  m_CorrespondingSourceObject: {fileID: 0}
  m_PrefabInstance: {fileID: 0}
  m_PrefabAsset: {fileID: 0}
  serializedVersion: 6
  m_Component:
  - component: {fileID: 527318675036034164}
  - component: {fileID: 527318675036034153}
  - component: {fileID: 527318675036034154}
  - component: {fileID: 527318675036034155}
  m_Layer: 5
  m_Name: Image
  m_TagString: Untagged
  m_Icon: {fileID: 0}
  m_NavMeshLayer: 0
  m_StaticEditorFlags: 0
  m_IsActive: 1
--- !u!224 &527318675036034164
RectTransform:
  m_ObjectHideFlags: 0
  m_CorrespondingSourceObject: {fileID: 0}
  m_PrefabInstance: {fileID: 0}
  m_PrefabAsset: {fileID: 0}
  m_GameObject: {fileID: 527318675036034165}
  m_LocalRotation: {x: 0, y: 1, z: 0, w: 0}
  m_LocalPosition: {x: 0, y: 0, z: -0.0000091806}
  m_LocalScale: {x: 2, y: 2, z: 2}
  m_Children: []
  m_Father: {fileID: 527318676834729963}
  m_RootOrder: 0
  m_LocalEulerAnglesHint: {x: 0, y: 180, z: 0}
  m_AnchorMin: {x: 0.5, y: 0.5}
  m_AnchorMax: {x: 0.5, y: 0.5}
  m_AnchoredPosition: {x: -0.039063, y: -2.2567139}
  m_SizeDelta: {x: 100, y: 100}
  m_Pivot: {x: 0.5, y: 0.5}
--- !u!222 &527318675036034153
CanvasRenderer:
  m_ObjectHideFlags: 0
  m_CorrespondingSourceObject: {fileID: 0}
  m_PrefabInstance: {fileID: 0}
  m_PrefabAsset: {fileID: 0}
  m_GameObject: {fileID: 527318675036034165}
  m_CullTransparentMesh: 1
--- !u!114 &527318675036034154
MonoBehaviour:
  m_ObjectHideFlags: 0
  m_CorrespondingSourceObject: {fileID: 0}
  m_PrefabInstance: {fileID: 0}
  m_PrefabAsset: {fileID: 0}
  m_GameObject: {fileID: 527318675036034165}
  m_Enabled: 1
  m_EditorHideFlags: 0
  m_Script: {fileID: 11500000, guid: fe87c0e1cc204ed48ad3b37840f39efc, type: 3}
  m_Name: 
  m_EditorClassIdentifier: 
  m_Material: {fileID: 0}
  m_Color: {r: 1, g: 1, b: 1, a: 1}
  m_RaycastTarget: 1
  m_RaycastPadding: {x: 0, y: 0, z: 0, w: 0}
  m_Maskable: 1
  m_OnCullStateChanged:
    m_PersistentCalls:
      m_Calls: []
  m_Sprite: {fileID: 21300000, guid: 2196c33392048264681e6dad4cc99f77, type: 3}
  m_Type: 0
  m_PreserveAspect: 0
  m_FillCenter: 1
  m_FillMethod: 4
  m_FillAmount: 1
  m_FillClockwise: 1
  m_FillOrigin: 0
  m_UseSpriteMesh: 0
  m_PixelsPerUnitMultiplier: 1
--- !u!114 &527318675036034155
MonoBehaviour:
  m_ObjectHideFlags: 0
  m_CorrespondingSourceObject: {fileID: 0}
  m_PrefabInstance: {fileID: 0}
  m_PrefabAsset: {fileID: 0}
  m_GameObject: {fileID: 527318675036034165}
  m_Enabled: 1
  m_EditorHideFlags: 0
  m_Script: {fileID: 11500000, guid: f8fa083ddde84eb4cbe3483e0776df89, type: 3}
  m_Name: 
  m_EditorClassIdentifier: 
--- !u!1 &527318676474127191
GameObject:
  m_ObjectHideFlags: 0
  m_CorrespondingSourceObject: {fileID: 0}
  m_PrefabInstance: {fileID: 0}
  m_PrefabAsset: {fileID: 0}
  serializedVersion: 6
  m_Component:
  - component: {fileID: 527318676474127190}
  m_Layer: 0
  m_Name: SpawnPoint
  m_TagString: Untagged
  m_Icon: {fileID: 2974397684917235467, guid: 0000000000000000d000000000000000, type: 0}
  m_NavMeshLayer: 0
  m_StaticEditorFlags: 0
  m_IsActive: 0
--- !u!4 &527318676474127190
Transform:
  m_ObjectHideFlags: 0
  m_CorrespondingSourceObject: {fileID: 0}
  m_PrefabInstance: {fileID: 0}
  m_PrefabAsset: {fileID: 0}
  m_GameObject: {fileID: 527318676474127191}
  m_LocalRotation: {x: -0, y: -0, z: -0, w: 1}
  m_LocalPosition: {x: 0, y: 0.68627435, z: 4}
  m_LocalScale: {x: 1, y: 0.6535948, z: 1}
  m_Children: []
  m_Father: {fileID: 527318676531612847}
  m_RootOrder: 1
  m_LocalEulerAnglesHint: {x: 0, y: 0, z: 0}
--- !u!1 &527318676531612852
GameObject:
  m_ObjectHideFlags: 0
  m_CorrespondingSourceObject: {fileID: 0}
  m_PrefabInstance: {fileID: 0}
  m_PrefabAsset: {fileID: 0}
  serializedVersion: 6
  m_Component:
  - component: {fileID: 527318676531612847}
  - component: {fileID: 527318676531612841}
  - component: {fileID: 527318676531612842}
  - component: {fileID: 527318676531612843}
  - component: {fileID: 527318676531612840}
  m_Layer: 0
  m_Name: Player1 4
  m_TagString: Sponge
  m_Icon: {fileID: 0}
  m_NavMeshLayer: 0
  m_StaticEditorFlags: 0
  m_IsActive: 1
--- !u!4 &527318676531612847
Transform:
  m_ObjectHideFlags: 0
  m_CorrespondingSourceObject: {fileID: 0}
  m_PrefabInstance: {fileID: 0}
  m_PrefabAsset: {fileID: 0}
  m_GameObject: {fileID: 527318676531612852}
  m_LocalRotation: {x: 0, y: 0.20791169, z: 0, w: 0.9781476}
  m_LocalPosition: {x: 0, y: 0, z: 0}
  m_LocalScale: {x: 1, y: 1.53, z: 1}
  m_Children:
  - {fileID: 6451510662995108526}
  - {fileID: 527318676474127190}
  - {fileID: 527318676834729963}
  - {fileID: 7760045276096045346}
  - {fileID: 8974577753980556450}
  - {fileID: 1664493035257898785}
  m_Father: {fileID: 0}
  m_RootOrder: 0
  m_LocalEulerAnglesHint: {x: 0, y: 24, z: 0}
--- !u!114 &527318676531612841
MonoBehaviour:
  m_ObjectHideFlags: 0
  m_CorrespondingSourceObject: {fileID: 0}
  m_PrefabInstance: {fileID: 0}
  m_PrefabAsset: {fileID: 0}
  m_GameObject: {fileID: 527318676531612852}
  m_Enabled: 1
  m_EditorHideFlags: 0
  m_Script: {fileID: 11500000, guid: 2f79ac7226998234a9b0745dacd68c4e, type: 3}
  m_Name: 
  m_EditorClassIdentifier: 
  speed: 600
  HP: 4
  WaterBallPrefab: {fileID: 3693149743889307267, guid: 52f0a3515da14614e8808f7153e53b80,
    type: 3}
  shotSpeed: 1500
  SpongePrefab:
  - {fileID: -927199367670048503, guid: ecdef47d469ac0f449ee6ce61a9854c6, type: 3}
  - {fileID: -927199367670048503, guid: ecdef47d469ac0f449ee6ce61a9854c6, type: 3}
  - {fileID: -927199367670048503, guid: 9cc8898c16fcdd746bae3df8e23bf019, type: 3}
  - {fileID: -927199367670048503, guid: 49090d4f65a3ab44283173c625fa1a86, type: 3}
  PlayerID: 1
  material:
  - {fileID: 2100000, guid: 613a16baa0b0b8e4eb6ad8cc75db4a2a, type: 2}
  - {fileID: 2100000, guid: 6a2396829d1326d479add33e83ab1592, type: 2}
  - {fileID: 2100000, guid: 7a7284a78136eb5409a8c0f9a79e9fd9, type: 2}
  SpongeModel: {fileID: 1535265173527368596}
  Sponge: {fileID: 8631089614512328216}
  Kasa: {fileID: 2040877424460758427}
--- !u!143 &527318676531612842
CharacterController:
  m_ObjectHideFlags: 0
  m_CorrespondingSourceObject: {fileID: 0}
  m_PrefabInstance: {fileID: 0}
  m_PrefabAsset: {fileID: 0}
  m_GameObject: {fileID: 527318676531612852}
  m_Material: {fileID: 0}
  m_IsTrigger: 0
  m_Enabled: 1
  serializedVersion: 2
  m_Height: 5.39
  m_Radius: 2.5
  m_SlopeLimit: 45
  m_StepOffset: 0.3
  m_SkinWidth: 0.08
  m_MinMoveDistance: 0.001
  m_Center: {x: 0, y: 0, z: 0}
--- !u!82 &527318676531612843
AudioSource:
  m_ObjectHideFlags: 0
  m_CorrespondingSourceObject: {fileID: 0}
  m_PrefabInstance: {fileID: 0}
  m_PrefabAsset: {fileID: 0}
  m_GameObject: {fileID: 527318676531612852}
  m_Enabled: 1
  serializedVersion: 4
  OutputAudioMixerGroup: {fileID: 0}
  m_audioClip: {fileID: 8300000, guid: d1c7e368ab3e07c45bc4646a1cfd94e9, type: 3}
  m_PlayOnAwake: 0
  m_Volume: 1
  m_Pitch: 1
  Loop: 0
  Mute: 0
  Spatialize: 0
  SpatializePostEffects: 0
  Priority: 128
  DopplerLevel: 1
  MinDistance: 1
  MaxDistance: 500
  Pan2D: 0
  rolloffMode: 0
  BypassEffects: 0
  BypassListenerEffects: 0
  BypassReverbZones: 0
  rolloffCustomCurve:
    serializedVersion: 2
    m_Curve:
    - serializedVersion: 3
      time: 0
      value: 1
      inSlope: 0
      outSlope: 0
      tangentMode: 0
      weightedMode: 0
      inWeight: 0.33333334
      outWeight: 0.33333334
    - serializedVersion: 3
      time: 1
      value: 0
      inSlope: 0
      outSlope: 0
      tangentMode: 0
      weightedMode: 0
      inWeight: 0.33333334
      outWeight: 0.33333334
    m_PreInfinity: 2
    m_PostInfinity: 2
    m_RotationOrder: 4
  panLevelCustomCurve:
    serializedVersion: 2
    m_Curve:
    - serializedVersion: 3
      time: 0
      value: 0
      inSlope: 0
      outSlope: 0
      tangentMode: 0
      weightedMode: 0
      inWeight: 0.33333334
      outWeight: 0.33333334
    m_PreInfinity: 2
    m_PostInfinity: 2
    m_RotationOrder: 4
  spreadCustomCurve:
    serializedVersion: 2
    m_Curve:
    - serializedVersion: 3
      time: 0
      value: 0
      inSlope: 0
      outSlope: 0
      tangentMode: 0
      weightedMode: 0
      inWeight: 0.33333334
      outWeight: 0.33333334
    m_PreInfinity: 2
    m_PostInfinity: 2
    m_RotationOrder: 4
  reverbZoneMixCustomCurve:
    serializedVersion: 2
    m_Curve:
    - serializedVersion: 3
      time: 0
      value: 1
      inSlope: 0
      outSlope: 0
      tangentMode: 0
      weightedMode: 0
      inWeight: 0.33333334
      outWeight: 0.33333334
    m_PreInfinity: 2
    m_PostInfinity: 2
    m_RotationOrder: 4
--- !u!65 &527318676531612840
BoxCollider:
  m_ObjectHideFlags: 0
  m_CorrespondingSourceObject: {fileID: 0}
  m_PrefabInstance: {fileID: 0}
  m_PrefabAsset: {fileID: 0}
  m_GameObject: {fileID: 527318676531612852}
  m_Material: {fileID: 0}
  m_IsTrigger: 0
  m_Enabled: 1
  serializedVersion: 2
  m_Size: {x: 4, y: 3.5, z: 3}
  m_Center: {x: 0, y: 0, z: -0.15}
--- !u!1 &527318676834729972
GameObject:
  m_ObjectHideFlags: 0
  m_CorrespondingSourceObject: {fileID: 0}
  m_PrefabInstance: {fileID: 0}
  m_PrefabAsset: {fileID: 0}
  serializedVersion: 6
  m_Component:
  - component: {fileID: 527318676834729963}
  - component: {fileID: 527318676834729960}
  - component: {fileID: 527318676834729961}
  - component: {fileID: 527318676834729962}
  m_Layer: 5
  m_Name: Canvas
  m_TagString: Untagged
  m_Icon: {fileID: 0}
  m_NavMeshLayer: 0
  m_StaticEditorFlags: 0
  m_IsActive: 1
--- !u!224 &527318676834729963
RectTransform:
  m_ObjectHideFlags: 0
  m_CorrespondingSourceObject: {fileID: 0}
  m_PrefabInstance: {fileID: 0}
  m_PrefabAsset: {fileID: 0}
  m_GameObject: {fileID: 527318676834729972}
  m_LocalRotation: {x: -0, y: 0.40673664, z: -0, w: 0.91354555}
  m_LocalPosition: {x: 0, y: 0, z: 0}
  m_LocalScale: {x: 0.012169742, y: 0.007954081, z: 0.012169742}
  m_Children:
  - {fileID: 527318675036034164}
  m_Father: {fileID: 527318676531612847}
  m_RootOrder: 2
  m_LocalEulerAnglesHint: {x: 0, y: 0, z: 0}
  m_AnchorMin: {x: 0, y: 0}
  m_AnchorMax: {x: 0, y: 0}
  m_AnchoredPosition: {x: 0, y: 3.67}
  m_SizeDelta: {x: 1920, y: 1080}
  m_Pivot: {x: 0.5, y: 0.5}
--- !u!223 &527318676834729960
Canvas:
  m_ObjectHideFlags: 0
  m_CorrespondingSourceObject: {fileID: 0}
  m_PrefabInstance: {fileID: 0}
  m_PrefabAsset: {fileID: 0}
  m_GameObject: {fileID: 527318676834729972}
  m_Enabled: 1
  serializedVersion: 3
  m_RenderMode: 2
  m_Camera: {fileID: 0}
  m_PlaneDistance: 100
  m_PixelPerfect: 0
  m_ReceivesEvents: 1
  m_OverrideSorting: 0
  m_OverridePixelPerfect: 0
  m_SortingBucketNormalizedSize: 0
  m_AdditionalShaderChannelsFlag: 0
  m_SortingLayerID: 0
  m_SortingOrder: 0
  m_TargetDisplay: 0
--- !u!114 &527318676834729961
MonoBehaviour:
  m_ObjectHideFlags: 0
  m_CorrespondingSourceObject: {fileID: 0}
  m_PrefabInstance: {fileID: 0}
  m_PrefabAsset: {fileID: 0}
  m_GameObject: {fileID: 527318676834729972}
  m_Enabled: 1
  m_EditorHideFlags: 0
  m_Script: {fileID: 11500000, guid: 0cd44c1031e13a943bb63640046fad76, type: 3}
  m_Name: 
  m_EditorClassIdentifier: 
  m_UiScaleMode: 0
  m_ReferencePixelsPerUnit: 100
  m_ScaleFactor: 1
  m_ReferenceResolution: {x: 800, y: 600}
  m_ScreenMatchMode: 0
  m_MatchWidthOrHeight: 0
  m_PhysicalUnit: 3
  m_FallbackScreenDPI: 96
  m_DefaultSpriteDPI: 96
  m_DynamicPixelsPerUnit: 1
  m_PresetInfoIsWorld: 1
--- !u!114 &527318676834729962
MonoBehaviour:
  m_ObjectHideFlags: 0
  m_CorrespondingSourceObject: {fileID: 0}
  m_PrefabInstance: {fileID: 0}
  m_PrefabAsset: {fileID: 0}
  m_GameObject: {fileID: 527318676834729972}
  m_Enabled: 1
  m_EditorHideFlags: 0
  m_Script: {fileID: 11500000, guid: dc42784cf147c0c48a680349fa168899, type: 3}
  m_Name: 
  m_EditorClassIdentifier: 
  m_IgnoreReversedGraphics: 1
  m_BlockingObjects: 0
  m_BlockingMask:
    serializedVersion: 2
    m_Bits: 4294967295
--- !u!114 &527318676330913666
MonoBehaviour:
  m_ObjectHideFlags: 0
  m_CorrespondingSourceObject: {fileID: 0}
  m_PrefabInstance: {fileID: 0}
  m_PrefabAsset: {fileID: 0}
  m_GameObject: {fileID: 679368442777518413}
  m_Enabled: 1
  m_EditorHideFlags: 0
  m_Script: {fileID: 11500000, guid: 7d7cc829038a6de4ba711d05894d5fae, type: 3}
  m_Name: 
  m_EditorClassIdentifier: 
--- !u!114 &6614373476056861224
MonoBehaviour:
  m_ObjectHideFlags: 0
  m_CorrespondingSourceObject: {fileID: 0}
  m_PrefabInstance: {fileID: 0}
  m_PrefabAsset: {fileID: 0}
  m_GameObject: {fileID: 7760045276096045357}
  m_Enabled: 1
  m_EditorHideFlags: 0
  m_Script: {fileID: 11500000, guid: e0e235dfc0517b54585ee327a17c9f73, type: 3}
  m_Name: 
  m_EditorClassIdentifier: 
  SplashParticle: {fileID: 7760045276096045347}
--- !u!95 &4202091521423018691
Animator:
  serializedVersion: 3
  m_ObjectHideFlags: 0
  m_CorrespondingSourceObject: {fileID: 0}
  m_PrefabInstance: {fileID: 0}
  m_PrefabAsset: {fileID: 0}
  m_GameObject: {fileID: 8631089614512328216}
  m_Enabled: 1
  m_Avatar: {fileID: 0}
  m_Controller: {fileID: 9100000, guid: 53bb29f01a5932048915fbba26194b45, type: 2}
  m_CullingMode: 0
  m_UpdateMode: 0
  m_ApplyRootMotion: 0
  m_LinearVelocityBlending: 0
  m_WarningMessage: 
  m_HasTransformHierarchy: 1
  m_AllowConstantClipSamplingOptimization: 1
  m_KeepAnimatorControllerStateOnDisable: 0
--- !u!114 &216280446995034018
MonoBehaviour:
  m_ObjectHideFlags: 0
  m_CorrespondingSourceObject: {fileID: 0}
  m_PrefabInstance: {fileID: 0}
  m_PrefabAsset: {fileID: 0}
  m_GameObject: {fileID: 8631089614512328216}
  m_Enabled: 1
  m_EditorHideFlags: 0
  m_Script: {fileID: 11500000, guid: 881535bdcac8ead4681cc6d0a3d0dd19, type: 3}
  m_Name: 
  m_EditorClassIdentifier: 
  animator: {fileID: 4202091521423018691}
--- !u!1001 &527318675234410504
PrefabInstance:
  m_ObjectHideFlags: 0
  serializedVersion: 2
  m_Modification:
    m_TransformParent: {fileID: 527318676531612847}
    m_Modifications:
    - target: {fileID: 546123765701302028, guid: 22991447879f15a408ace6ee3a8219df,
        type: 3}
      propertyPath: m_Enabled
      value: 1
      objectReference: {fileID: 0}
    - target: {fileID: 546123765701302028, guid: 22991447879f15a408ace6ee3a8219df,
        type: 3}
      propertyPath: m_IsTrigger
      value: 1
      objectReference: {fileID: 0}
    - target: {fileID: 1025959202039501125, guid: 22991447879f15a408ace6ee3a8219df,
        type: 3}
      propertyPath: m_Name
      value: Kasa
      objectReference: {fileID: 0}
    - target: {fileID: 1025959202039501125, guid: 22991447879f15a408ace6ee3a8219df,
        type: 3}
      propertyPath: m_IsActive
      value: 0
      objectReference: {fileID: 0}
    - target: {fileID: 6834554720421491366, guid: 22991447879f15a408ace6ee3a8219df,
        type: 3}
      propertyPath: m_RootOrder
      value: 0
      objectReference: {fileID: 0}
    - target: {fileID: 6834554720421491366, guid: 22991447879f15a408ace6ee3a8219df,
        type: 3}
      propertyPath: m_LocalScale.x
      value: 3.452953
      objectReference: {fileID: 0}
    - target: {fileID: 6834554720421491366, guid: 22991447879f15a408ace6ee3a8219df,
        type: 3}
      propertyPath: m_LocalScale.y
      value: 2.256832
      objectReference: {fileID: 0}
    - target: {fileID: 6834554720421491366, guid: 22991447879f15a408ace6ee3a8219df,
        type: 3}
      propertyPath: m_LocalScale.z
      value: 0.56961715
      objectReference: {fileID: 0}
    - target: {fileID: 6834554720421491366, guid: 22991447879f15a408ace6ee3a8219df,
        type: 3}
      propertyPath: m_LocalPosition.x
      value: 0
      objectReference: {fileID: 0}
    - target: {fileID: 6834554720421491366, guid: 22991447879f15a408ace6ee3a8219df,
        type: 3}
      propertyPath: m_LocalPosition.y
      value: -0.5142301
      objectReference: {fileID: 0}
    - target: {fileID: 6834554720421491366, guid: 22991447879f15a408ace6ee3a8219df,
        type: 3}
      propertyPath: m_LocalPosition.z
      value: 5.64
      objectReference: {fileID: 0}
    - target: {fileID: 6834554720421491366, guid: 22991447879f15a408ace6ee3a8219df,
        type: 3}
      propertyPath: m_LocalRotation.w
      value: 1
      objectReference: {fileID: 0}
    - target: {fileID: 6834554720421491366, guid: 22991447879f15a408ace6ee3a8219df,
        type: 3}
      propertyPath: m_LocalRotation.x
      value: -0
      objectReference: {fileID: 0}
    - target: {fileID: 6834554720421491366, guid: 22991447879f15a408ace6ee3a8219df,
        type: 3}
      propertyPath: m_LocalRotation.y
      value: -0
      objectReference: {fileID: 0}
    - target: {fileID: 6834554720421491366, guid: 22991447879f15a408ace6ee3a8219df,
        type: 3}
      propertyPath: m_LocalRotation.z
      value: -0
      objectReference: {fileID: 0}
    - target: {fileID: 6834554720421491366, guid: 22991447879f15a408ace6ee3a8219df,
        type: 3}
      propertyPath: m_LocalEulerAnglesHint.x
      value: 0
      objectReference: {fileID: 0}
    - target: {fileID: 6834554720421491366, guid: 22991447879f15a408ace6ee3a8219df,
        type: 3}
      propertyPath: m_LocalEulerAnglesHint.y
      value: 0
      objectReference: {fileID: 0}
    - target: {fileID: 6834554720421491366, guid: 22991447879f15a408ace6ee3a8219df,
        type: 3}
      propertyPath: m_LocalEulerAnglesHint.z
      value: 0
      objectReference: {fileID: 0}
    m_RemovedComponents:
    - {fileID: 6413510264452833310, guid: 22991447879f15a408ace6ee3a8219df, type: 3}
  m_SourcePrefab: {fileID: 100100000, guid: 22991447879f15a408ace6ee3a8219df, type: 3}
--- !u!1 &679368442777518413 stripped
GameObject:
  m_CorrespondingSourceObject: {fileID: 1025959202039501125, guid: 22991447879f15a408ace6ee3a8219df,
    type: 3}
  m_PrefabInstance: {fileID: 527318675234410504}
  m_PrefabAsset: {fileID: 0}
--- !u!4 &6451510662995108526 stripped
Transform:
  m_CorrespondingSourceObject: {fileID: 6834554720421491366, guid: 22991447879f15a408ace6ee3a8219df,
    type: 3}
  m_PrefabInstance: {fileID: 527318675234410504}
  m_PrefabAsset: {fileID: 0}
--- !u!1001 &4814082267066240496
PrefabInstance:
  m_ObjectHideFlags: 0
  serializedVersion: 2
  m_Modification:
    m_TransformParent: {fileID: 527318676531612847}
    m_Modifications:
    - target: {fileID: 6185265038515055313, guid: 10f020e45b803f24ab86e2db77892ed6,
        type: 3}
      propertyPath: m_RootOrder
      value: 5
      objectReference: {fileID: 0}
    - target: {fileID: 6185265038515055313, guid: 10f020e45b803f24ab86e2db77892ed6,
        type: 3}
      propertyPath: m_LocalPosition.x
      value: -1.52
      objectReference: {fileID: 0}
    - target: {fileID: 6185265038515055313, guid: 10f020e45b803f24ab86e2db77892ed6,
        type: 3}
      propertyPath: m_LocalPosition.y
      value: -0.42
      objectReference: {fileID: 0}
    - target: {fileID: 6185265038515055313, guid: 10f020e45b803f24ab86e2db77892ed6,
        type: 3}
      propertyPath: m_LocalPosition.z
      value: 2.56
      objectReference: {fileID: 0}
    - target: {fileID: 6185265038515055313, guid: 10f020e45b803f24ab86e2db77892ed6,
        type: 3}
      propertyPath: m_LocalRotation.w
      value: 0.71732444
      objectReference: {fileID: 0}
    - target: {fileID: 6185265038515055313, guid: 10f020e45b803f24ab86e2db77892ed6,
        type: 3}
      propertyPath: m_LocalRotation.x
      value: 0.6650696
      objectReference: {fileID: 0}
    - target: {fileID: 6185265038515055313, guid: 10f020e45b803f24ab86e2db77892ed6,
        type: 3}
      propertyPath: m_LocalRotation.y
      value: 0.14970313
      objectReference: {fileID: 0}
    - target: {fileID: 6185265038515055313, guid: 10f020e45b803f24ab86e2db77892ed6,
        type: 3}
      propertyPath: m_LocalRotation.z
      value: 0.14393486
      objectReference: {fileID: 0}
    - target: {fileID: 6185265038515055313, guid: 10f020e45b803f24ab86e2db77892ed6,
        type: 3}
      propertyPath: m_LocalEulerAnglesHint.x
      value: 65.65
      objectReference: {fileID: 0}
    - target: {fileID: 6185265038515055313, guid: 10f020e45b803f24ab86e2db77892ed6,
        type: 3}
      propertyPath: m_LocalEulerAnglesHint.y
      value: 80.149
      objectReference: {fileID: 0}
    - target: {fileID: 6185265038515055313, guid: 10f020e45b803f24ab86e2db77892ed6,
        type: 3}
      propertyPath: m_LocalEulerAnglesHint.z
      value: 79.67
      objectReference: {fileID: 0}
    - target: {fileID: 6817791660234469483, guid: 10f020e45b803f24ab86e2db77892ed6,
        type: 3}
      propertyPath: m_Name
      value: Umbrella
      objectReference: {fileID: 0}
    - target: {fileID: 6817791660234469483, guid: 10f020e45b803f24ab86e2db77892ed6,
        type: 3}
      propertyPath: m_IsActive
      value: 0
      objectReference: {fileID: 0}
    m_RemovedComponents: []
  m_SourcePrefab: {fileID: 100100000, guid: 10f020e45b803f24ab86e2db77892ed6, type: 3}
--- !u!1 &2040877424460758427 stripped
GameObject:
  m_CorrespondingSourceObject: {fileID: 6817791660234469483, guid: 10f020e45b803f24ab86e2db77892ed6,
    type: 3}
  m_PrefabInstance: {fileID: 4814082267066240496}
  m_PrefabAsset: {fileID: 0}
--- !u!4 &1664493035257898785 stripped
Transform:
  m_CorrespondingSourceObject: {fileID: 6185265038515055313, guid: 10f020e45b803f24ab86e2db77892ed6,
    type: 3}
  m_PrefabInstance: {fileID: 4814082267066240496}
  m_PrefabAsset: {fileID: 0}
--- !u!1001 &7548556490008900326
PrefabInstance:
  m_ObjectHideFlags: 0
  serializedVersion: 2
  m_Modification:
    m_TransformParent: {fileID: 527318676531612847}
    m_Modifications:
    - target: {fileID: 247948882987348470, guid: 4085bace96968b3428acdb11a2f24781,
        type: 3}
      propertyPath: playOnAwake
      value: 0
      objectReference: {fileID: 0}
    - target: {fileID: 247948883468148574, guid: 4085bace96968b3428acdb11a2f24781,
        type: 3}
      propertyPath: playOnAwake
      value: 0
      objectReference: {fileID: 0}
    - target: {fileID: 247948884183176456, guid: 4085bace96968b3428acdb11a2f24781,
        type: 3}
      propertyPath: playOnAwake
      value: 0
      objectReference: {fileID: 0}
    - target: {fileID: 247948884302894020, guid: 4085bace96968b3428acdb11a2f24781,
        type: 3}
      propertyPath: m_RootOrder
      value: 3
      objectReference: {fileID: 0}
    - target: {fileID: 247948884302894020, guid: 4085bace96968b3428acdb11a2f24781,
        type: 3}
      propertyPath: m_LocalPosition.x
      value: -0
      objectReference: {fileID: 0}
    - target: {fileID: 247948884302894020, guid: 4085bace96968b3428acdb11a2f24781,
        type: 3}
      propertyPath: m_LocalPosition.y
      value: 0.44
      objectReference: {fileID: 0}
    - target: {fileID: 247948884302894020, guid: 4085bace96968b3428acdb11a2f24781,
        type: 3}
      propertyPath: m_LocalPosition.z
      value: 1.12
      objectReference: {fileID: 0}
    - target: {fileID: 247948884302894020, guid: 4085bace96968b3428acdb11a2f24781,
        type: 3}
      propertyPath: m_LocalRotation.w
      value: 0.7071068
      objectReference: {fileID: 0}
    - target: {fileID: 247948884302894020, guid: 4085bace96968b3428acdb11a2f24781,
        type: 3}
      propertyPath: m_LocalRotation.x
      value: -0.7071068
      objectReference: {fileID: 0}
    - target: {fileID: 247948884302894020, guid: 4085bace96968b3428acdb11a2f24781,
        type: 3}
      propertyPath: m_LocalRotation.y
      value: 0
      objectReference: {fileID: 0}
    - target: {fileID: 247948884302894020, guid: 4085bace96968b3428acdb11a2f24781,
        type: 3}
      propertyPath: m_LocalRotation.z
      value: 0
      objectReference: {fileID: 0}
    - target: {fileID: 247948884302894020, guid: 4085bace96968b3428acdb11a2f24781,
        type: 3}
      propertyPath: m_LocalEulerAnglesHint.x
      value: -90
      objectReference: {fileID: 0}
    - target: {fileID: 247948884302894020, guid: 4085bace96968b3428acdb11a2f24781,
        type: 3}
      propertyPath: m_LocalEulerAnglesHint.y
      value: 0
      objectReference: {fileID: 0}
    - target: {fileID: 247948884302894020, guid: 4085bace96968b3428acdb11a2f24781,
        type: 3}
      propertyPath: m_LocalEulerAnglesHint.z
      value: 0
      objectReference: {fileID: 0}
    - target: {fileID: 247948884302894021, guid: 4085bace96968b3428acdb11a2f24781,
        type: 3}
      propertyPath: looping
      value: 0
      objectReference: {fileID: 0}
    - target: {fileID: 247948884302894021, guid: 4085bace96968b3428acdb11a2f24781,
        type: 3}
      propertyPath: playOnAwake
      value: 0
      objectReference: {fileID: 0}
    - target: {fileID: 247948884302894027, guid: 4085bace96968b3428acdb11a2f24781,
        type: 3}
      propertyPath: m_Name
      value: P1_Splash
      objectReference: {fileID: 0}
    - target: {fileID: 247948884880876477, guid: 4085bace96968b3428acdb11a2f24781,
        type: 3}
      propertyPath: playOnAwake
      value: 0
      objectReference: {fileID: 0}
    m_RemovedComponents: []
  m_SourcePrefab: {fileID: 100100000, guid: 4085bace96968b3428acdb11a2f24781, type: 3}
--- !u!1 &7760045276096045357 stripped
GameObject:
  m_CorrespondingSourceObject: {fileID: 247948884302894027, guid: 4085bace96968b3428acdb11a2f24781,
    type: 3}
  m_PrefabInstance: {fileID: 7548556490008900326}
  m_PrefabAsset: {fileID: 0}
--- !u!4 &7760045276096045346 stripped
Transform:
  m_CorrespondingSourceObject: {fileID: 247948884302894020, guid: 4085bace96968b3428acdb11a2f24781,
    type: 3}
  m_PrefabInstance: {fileID: 7548556490008900326}
  m_PrefabAsset: {fileID: 0}
--- !u!198 &7760045276096045347 stripped
ParticleSystem:
  m_CorrespondingSourceObject: {fileID: 247948884302894021, guid: 4085bace96968b3428acdb11a2f24781,
    type: 3}
  m_PrefabInstance: {fileID: 7548556490008900326}
  m_PrefabAsset: {fileID: 0}
--- !u!1001 &8864952787702592329
PrefabInstance:
  m_ObjectHideFlags: 0
  serializedVersion: 2
  m_Modification:
    m_TransformParent: {fileID: 527318676531612847}
    m_Modifications:
    - target: {fileID: -8679921383154817045, guid: 25057d77486690a408dd0e93dbcd11e1,
        type: 3}
      propertyPath: m_RootOrder
      value: 4
      objectReference: {fileID: 0}
    - target: {fileID: -8679921383154817045, guid: 25057d77486690a408dd0e93dbcd11e1,
        type: 3}
      propertyPath: m_LocalScale.x
      value: 80
      objectReference: {fileID: 0}
    - target: {fileID: -8679921383154817045, guid: 25057d77486690a408dd0e93dbcd11e1,
        type: 3}
      propertyPath: m_LocalScale.y
      value: 52.28758
      objectReference: {fileID: 0}
    - target: {fileID: -8679921383154817045, guid: 25057d77486690a408dd0e93dbcd11e1,
        type: 3}
      propertyPath: m_LocalScale.z
      value: 80
      objectReference: {fileID: 0}
    - target: {fileID: -8679921383154817045, guid: 25057d77486690a408dd0e93dbcd11e1,
        type: 3}
      propertyPath: m_LocalPosition.x
      value: 0
      objectReference: {fileID: 0}
    - target: {fileID: -8679921383154817045, guid: 25057d77486690a408dd0e93dbcd11e1,
        type: 3}
      propertyPath: m_LocalPosition.y
      value: -2.470588
      objectReference: {fileID: 0}
    - target: {fileID: -8679921383154817045, guid: 25057d77486690a408dd0e93dbcd11e1,
        type: 3}
      propertyPath: m_LocalPosition.z
      value: 0
      objectReference: {fileID: 0}
    - target: {fileID: -8679921383154817045, guid: 25057d77486690a408dd0e93dbcd11e1,
        type: 3}
      propertyPath: m_LocalRotation.w
      value: 1
      objectReference: {fileID: 0}
    - target: {fileID: -8679921383154817045, guid: 25057d77486690a408dd0e93dbcd11e1,
        type: 3}
      propertyPath: m_LocalRotation.x
      value: 0
      objectReference: {fileID: 0}
    - target: {fileID: -8679921383154817045, guid: 25057d77486690a408dd0e93dbcd11e1,
        type: 3}
      propertyPath: m_LocalRotation.y
      value: 0
      objectReference: {fileID: 0}
    - target: {fileID: -8679921383154817045, guid: 25057d77486690a408dd0e93dbcd11e1,
        type: 3}
      propertyPath: m_LocalRotation.z
      value: 0
      objectReference: {fileID: 0}
    - target: {fileID: -8679921383154817045, guid: 25057d77486690a408dd0e93dbcd11e1,
        type: 3}
      propertyPath: m_LocalEulerAnglesHint.x
      value: 0
      objectReference: {fileID: 0}
    - target: {fileID: -8679921383154817045, guid: 25057d77486690a408dd0e93dbcd11e1,
        type: 3}
      propertyPath: m_LocalEulerAnglesHint.y
      value: 0
      objectReference: {fileID: 0}
    - target: {fileID: -8679921383154817045, guid: 25057d77486690a408dd0e93dbcd11e1,
        type: 3}
      propertyPath: m_LocalEulerAnglesHint.z
      value: 0
      objectReference: {fileID: 0}
    - target: {fileID: 919132149155446097, guid: 25057d77486690a408dd0e93dbcd11e1,
        type: 3}
      propertyPath: m_Name
      value: Character4
      objectReference: {fileID: 0}
    - target: {fileID: 1341135617040567940, guid: 25057d77486690a408dd0e93dbcd11e1,
        type: 3}
      propertyPath: m_Materials.Array.data[0]
      value: 
      objectReference: {fileID: 2100000, guid: 7a7284a78136eb5409a8c0f9a79e9fd9, type: 2}
    m_RemovedComponents: []
  m_SourcePrefab: {fileID: 100100000, guid: 25057d77486690a408dd0e93dbcd11e1, type: 3}
--- !u!1 &8631089614512328216 stripped
GameObject:
  m_CorrespondingSourceObject: {fileID: 919132149155446097, guid: 25057d77486690a408dd0e93dbcd11e1,
    type: 3}
  m_PrefabInstance: {fileID: 8864952787702592329}
  m_PrefabAsset: {fileID: 0}
--- !u!4 &8974577753980556450 stripped
Transform:
  m_CorrespondingSourceObject: {fileID: -8679921383154817045, guid: 25057d77486690a408dd0e93dbcd11e1,
    type: 3}
  m_PrefabInstance: {fileID: 8864952787702592329}
  m_PrefabAsset: {fileID: 0}
--- !u!1 &1535265173527368596 stripped
GameObject:
  m_CorrespondingSourceObject: {fileID: -1276497690691133219, guid: 25057d77486690a408dd0e93dbcd11e1,
    type: 3}
  m_PrefabInstance: {fileID: 8864952787702592329}
  m_PrefabAsset: {fileID: 0}
